<record><leader>00000cas a22000007a 4500</leader><controlfield tag="001">16656382</controlfield><controlfield tag="008">870909d19091981iauwr ne      0    0eng d</controlfield><datafield ind1=" " ind2=" " tag="010"><subfield code="a">sn 87057822 </subfield></datafield><datafield ind1=" " ind2=" " tag="040"><subfield code="a">INP</subfield><subfield code="b">eng</subfield><subfield code="c">INP</subfield><subfield code="d">OCLCQ</subfield></datafield><datafield ind1=" " ind2=" " tag="042"><subfield code="a">msc</subfield></datafield><datafield ind1="0" ind2="4" tag="245"><subfield code="a">The Humboldt Republican.</subfield></datafield><datafield ind1=" " ind2=" " tag="260"><subfield code="a">Humboldt, Iowa :</subfield><subfield code="b">F. Jaqua,</subfield><subfield code="c">-1981.</subfield></datafield><datafield ind1=" " ind2=" " tag="300"><subfield code="a">v.</subfield></datafield><datafield ind1=" " ind2=" " tag="310"><subfield code="a">Weekly</subfield></datafield><datafield ind1="1" ind2=" " tag="362"><subfield code="a">Began in 1909?</subfield></datafield><datafield ind1="0" ind2=" " tag="362"><subfield code="a">-v. 92, no. 15 (June 24, 1981).</subfield></datafield><datafield ind1=" " ind2=" " tag="500"><subfield code="a">Publisher varies.</subfield></datafield><datafield ind1=" " ind2=" " tag="588"><subfield code="a">Description based on: Vol. 21, no. 41 (Jan. 7, 1910).</subfield></datafield><datafield ind1=" " ind2=" " tag="752"><subfield code="a">United States</subfield><subfield code="b">Iowa</subfield><subfield code="c">Humboldt</subfield><subfield code="d">Humboldt.</subfield></datafield><datafield ind1="0" ind2="0" tag="780"><subfield code="t">Humboldt County Republican (Livermore, Iowa : 1889)</subfield><subfield code="w">(DLC)sn 85049692</subfield></datafield><datafield ind1="0" ind2="0" tag="785"><subfield code="t">Humboldt County Republican (Humboldt, Iowa : 1981)</subfield><subfield code="w">(DLC)sn 87057824</subfield></datafield></record>